@online{DFT,
	author = {},
	title = {Rychl√° Fourierova transformace},
	date = 2022,
	month = 2,
	day = 13,
	url = {https://cs.wikipedia.org/w/index.php?title=Rychl%C3%A1_Fourierova_transformace&oldid=20934853},
	language = {cs},
	urldate = {2022-12-18},
}

@online{np,
	author = {},
	title = {NumPy Documentation},
	date = {2022},
	url = {https://numpy.org/doc/},
	language = {en},
	urldate = {2022-12-18},
}
